<?xml version="1.0" encoding="UTF-8"?><collection xmlns="http://www.loc.gov/MARC21/slim"><record><leader>00521nam--2200169-i-4500</leader><controlfield tag="001">000006687</controlfield><controlfield tag="002">20161230</controlfield><controlfield tag="005">20161230201026</controlfield><controlfield tag="008">060222s1000------------r-----000-0-eng-d</controlfield><datafield ind1=" " ind2=" " tag="040"><subfield code="a">IFIN-HH</subfield></datafield><datafield ind1=" " ind2=" " tag="080"><subfield code="a">539.217</subfield></datafield><datafield ind1="1" ind2=" " tag="100"><subfield code="a">Blakely, J.M</subfield></datafield><datafield ind1="1" ind2="0" tag="245"><subfield code="a">Progress in materials science vol. 10 no. 4 surface diffusion</subfield><subfield code="b">Incorporating progress in metal physics, bruce chalmers (ed.)</subfield><subfield code="c">J.m. blakely</subfield></datafield><datafield ind1=" " ind2=" " tag="260"><subfield code="a">Oxford</subfield><subfield code="b">Pergamon Press</subfield><subfield code="c">1963</subfield></datafield><datafield ind1=" " ind2=" " tag="300"><subfield code="a">/394P./437P</subfield></datafield><datafield ind1=" " ind2=" " tag="852"><subfield code="a">10017</subfield><subfield code="c">539.2</subfield></datafield><datafield ind1=" " ind2=" " tag="CAT"><subfield code="a">Sys</subfield><subfield code="c">20120720</subfield><subfield code="h">105646</subfield></datafield></record></collection>